<?xml version="1.0" encoding="UTF-8"?><collection xmlns="http://www.loc.gov/MARC21/slim"><record><leader>00613nam--2200229-u-4500</leader><controlfield tag="001">000050472</controlfield><controlfield tag="002">20161230</controlfield><controlfield tag="003">81879</controlfield><controlfield tag="005">20161230201048</controlfield><controlfield tag="008">070403s1000------------r-----000-0-eng-d</controlfield><datafield ind1=" " ind2=" " tag="020"><subfield code="a">9812566635</subfield></datafield><datafield ind1=" " ind2=" " tag="040"><subfield code="a">IFIN-HH</subfield></datafield><datafield ind1=" " ind2=" " tag="080"><subfield code="a">536.7:533.7:530.145</subfield></datafield><datafield ind1="1" ind2=" " tag="100"><subfield code="a">Yi-Chen, Cheng</subfield></datafield><datafield ind1="1" ind2="0" tag="245"><subfield code="a">Macroscopic and Statistical Thermodynamics</subfield><subfield code="c">Yi-Chen Cheng</subfield></datafield><datafield ind1=" " ind2=" " tag="250"><subfield code="a">Expanded English Edition</subfield></datafield><datafield ind1=" " ind2=" " tag="260"><subfield code="a">New Jersey</subfield><subfield code="b">World Scientific</subfield><subfield code="c">2006</subfield></datafield><datafield ind1=" " ind2=" " tag="300"><subfield code="a">438 p</subfield></datafield><datafield ind1=" " ind2=" " tag="504"><subfield code="a">Include Index</subfield></datafield><datafield ind1=" " ind2="4" tag="650"><subfield code="a">Statistical Thermodynamics</subfield></datafield><datafield ind1=" " ind2=" " tag="852"><subfield code="a">81879</subfield><subfield code="c">536.7</subfield></datafield><datafield ind1=" " ind2=" " tag="CAT"><subfield code="a">Sys</subfield><subfield code="c">20110103</subfield><subfield code="h">105737</subfield></datafield></record></collection>